@Article{Bandelt:92,
  author =       {H. J. Bandelt and A. W. M. Dress},
  title =        {A Canonical Decomposition Theory for Metrics on a
                  finite Set},
  journal =      {Adv.\ Math.},
  year =         {1992},
  volume =       {92},
  pages =        {47-105}
}


@Article{Prohaska:17a,
  author =       {Prohaska, Sonja J. and Berkemer, Sarah J. and G{\"a}rtner,
                  Fabian and Gatter, Thomas and Retzlaff, Nancy and
                  {The Students of the Graphs and Biological Networks Lab 2017}
                  and H{\"o}ner zu Siederdissen, Christian and
                  Stadler, Peter F.},
  title =        {Expansion of Gene Clusters, Circular Orders, and the
                  Shortest {H}amiltonian Path Problem},
  journal =      {J. Math. Biol.},
  volume =       { },
  pages =        { },
  year =         {2017},
  doi =          {10.1007/s00285-017-1197-3},
}

